@online{v204,
  title = {Versuch 204: Wärmeleitung von Metallen},
  urldate = "2017-11-13",
  url ="http://129.217.224.2/HOMEPAGE/PHYSIKER/BACHELOR/AP/SKRIPT/Waermeleitf.pdf"
}
@online{waermeleit,
  title = {Wärmeleitfähigkeit},
  urldate = "2017-11-22",
  url ="http://www.chemie.de/lexikon/W%C3%A4rmeleitf%C3%A4higkeit.html"
}
